<?xml version="1.0" encoding="UTF-8"?><collection xmlns="http://www.loc.gov/MARC21/slim"><record><leader>00540nam--2200181-i-4500</leader><controlfield tag="001">000016867</controlfield><controlfield tag="002">20161230</controlfield><controlfield tag="005">20161230201032</controlfield><controlfield tag="008">060222s1000------------r-----000-0-eng-d</controlfield><datafield ind1=" " ind2=" " tag="040"><subfield code="a">IFIN-HH</subfield></datafield><datafield ind1=" " ind2=" " tag="080"><subfield code="a">539.12.162.8</subfield></datafield><datafield ind1="1" ind2=" " tag="100"><subfield code="a">Barger, Vernon D</subfield></datafield><datafield ind1="1" ind2="0" tag="245"><subfield code="a">Phenomenological theories of high energy scattering</subfield><subfield code="b">An experimental evaluation</subfield><subfield code="c">Vernon d. barger, david b. cline</subfield></datafield><datafield ind1=" " ind2=" " tag="260"><subfield code="a">New York</subfield><subfield code="b">W.A.Benjamin, Inc</subfield><subfield code="c">1969</subfield></datafield><datafield ind1=" " ind2=" " tag="300"><subfield code="a">X + 201 P</subfield></datafield><datafield ind1="1" ind2=" " tag="700"><subfield code="a">Cline, David B</subfield></datafield><datafield ind1=" " ind2=" " tag="852"><subfield code="a">33392</subfield><subfield code="c">539.12</subfield></datafield><datafield ind1=" " ind2=" " tag="CAT"><subfield code="a">Sys</subfield><subfield code="c">20111121</subfield><subfield code="h">120332</subfield></datafield></record></collection>